%YAML 1.1
%TAG !u! tag:unity3d.com,2011:
--- !u!1 &2044428004
GameObject:
  m_ObjectHideFlags: 0
  m_CorrespondingSourceObject: {fileID: 0}
  m_PrefabInstance: {fileID: 0}
  m_PrefabAsset: {fileID: 0}
  serializedVersion: 6
  m_Component:
  - component: {fileID: 2044428005}
  - component: {fileID: 2044428006}
  m_Layer: 0
  m_Name: Exclamation
  m_TagString: Untagged
  m_Icon: {fileID: 0}
  m_NavMeshLayer: 0
  m_StaticEditorFlags: 0
  m_IsActive: 0
--- !u!4 &2044428005
Transform:
  m_ObjectHideFlags: 0
  m_CorrespondingSourceObject: {fileID: 0}
  m_PrefabInstance: {fileID: 0}
  m_PrefabAsset: {fileID: 0}
  m_GameObject: {fileID: 2044428004}
  m_LocalRotation: {x: 0, y: 0, z: 0, w: 1}
  m_LocalPosition: {x: 0, y: 0.4, z: 0}
  m_LocalScale: {x: 0.5, y: 0.5, z: 0.5}
  m_Children: []
  m_Father: {fileID: 4539994760445383369}
  m_RootOrder: 1
  m_LocalEulerAnglesHint: {x: 0, y: 0, z: 0}
--- !u!212 &2044428006
SpriteRenderer:
  m_ObjectHideFlags: 0
  m_CorrespondingSourceObject: {fileID: 0}
  m_PrefabInstance: {fileID: 0}
  m_PrefabAsset: {fileID: 0}
  m_GameObject: {fileID: 2044428004}
  m_Enabled: 1
  m_CastShadows: 0
  m_ReceiveShadows: 0
  m_DynamicOccludee: 1
  m_MotionVectors: 1
  m_LightProbeUsage: 1
  m_ReflectionProbeUsage: 1
  m_RayTracingMode: 0
  m_RayTraceProcedural: 0
  m_RenderingLayerMask: 1
  m_RendererPriority: 0
  m_Materials:
  - {fileID: 10754, guid: 0000000000000000f000000000000000, type: 0}
  m_StaticBatchInfo:
    firstSubMesh: 0
    subMeshCount: 0
  m_StaticBatchRoot: {fileID: 0}
  m_ProbeAnchor: {fileID: 0}
  m_LightProbeVolumeOverride: {fileID: 0}
  m_ScaleInLightmap: 1
  m_ReceiveGI: 1
  m_PreserveUVs: 0
  m_IgnoreNormalsForChartDetection: 0
  m_ImportantGI: 0
  m_StitchLightmapSeams: 1
  m_SelectedEditorRenderState: 0
  m_MinimumChartSize: 4
  m_AutoUVMaxDistance: 0.5
  m_AutoUVMaxAngle: 89
  m_LightmapParameters: {fileID: 0}
  m_SortingLayerID: -1321861725
  m_SortingLayer: 1
  m_SortingOrder: 4
  m_Sprite: {fileID: -7377819553374844296, guid: 72e8f421f832a7344bf9dd52d5e03e68, type: 3}
  m_Color: {r: 1, g: 0.9263606, b: 0, a: 1}
  m_FlipX: 0
  m_FlipY: 0
  m_DrawMode: 0
  m_Size: {x: 1, y: 1}
  m_AdaptiveModeThreshold: 0.5
  m_SpriteTileMode: 0
  m_WasSpriteAssigned: 1
  m_MaskInteraction: 0
  m_SpriteSortPoint: 0
--- !u!1 &2079042049238725824
GameObject:
  m_ObjectHideFlags: 0
  m_CorrespondingSourceObject: {fileID: 0}
  m_PrefabInstance: {fileID: 0}
  m_PrefabAsset: {fileID: 0}
  serializedVersion: 6
  m_Component:
  - component: {fileID: 7404819424035773888}
  - component: {fileID: 7992292734503183756}
  m_Layer: 0
  m_Name: Graphic
  m_TagString: Untagged
  m_Icon: {fileID: 0}
  m_NavMeshLayer: 0
  m_StaticEditorFlags: 0
  m_IsActive: 1
--- !u!4 &7404819424035773888
Transform:
  m_ObjectHideFlags: 0
  m_CorrespondingSourceObject: {fileID: 0}
  m_PrefabInstance: {fileID: 0}
  m_PrefabAsset: {fileID: 0}
  m_GameObject: {fileID: 2079042049238725824}
  m_LocalRotation: {x: 0, y: 0, z: 0, w: 1}
  m_LocalPosition: {x: 0, y: 0, z: 0}
  m_LocalScale: {x: 1, y: 1, z: 1}
  m_Children: []
  m_Father: {fileID: 4539994760445383369}
  m_RootOrder: 2
  m_LocalEulerAnglesHint: {x: 0, y: 0, z: 0}
--- !u!212 &7992292734503183756
SpriteRenderer:
  m_ObjectHideFlags: 0
  m_CorrespondingSourceObject: {fileID: 0}
  m_PrefabInstance: {fileID: 0}
  m_PrefabAsset: {fileID: 0}
  m_GameObject: {fileID: 2079042049238725824}
  m_Enabled: 1
  m_CastShadows: 0
  m_ReceiveShadows: 0
  m_DynamicOccludee: 1
  m_MotionVectors: 1
  m_LightProbeUsage: 1
  m_ReflectionProbeUsage: 1
  m_RayTracingMode: 0
  m_RayTraceProcedural: 0
  m_RenderingLayerMask: 1
  m_RendererPriority: 0
  m_Materials:
  - {fileID: 10754, guid: 0000000000000000f000000000000000, type: 0}
  m_StaticBatchInfo:
    firstSubMesh: 0
    subMeshCount: 0
  m_StaticBatchRoot: {fileID: 0}
  m_ProbeAnchor: {fileID: 0}
  m_LightProbeVolumeOverride: {fileID: 0}
  m_ScaleInLightmap: 1
  m_ReceiveGI: 1
  m_PreserveUVs: 0
  m_IgnoreNormalsForChartDetection: 0
  m_ImportantGI: 0
  m_StitchLightmapSeams: 1
  m_SelectedEditorRenderState: 0
  m_MinimumChartSize: 4
  m_AutoUVMaxDistance: 0.5
  m_AutoUVMaxAngle: 89
  m_LightmapParameters: {fileID: 0}
  m_SortingLayerID: -1321861725
  m_SortingLayer: 1
  m_SortingOrder: 1
  m_Sprite: {fileID: 4172489045478044079, guid: 72e8f421f832a7344bf9dd52d5e03e68, type: 3}
  m_Color: {r: 0.8490566, g: 0.244304, b: 0.244304, a: 1}
  m_FlipX: 0
  m_FlipY: 0
  m_DrawMode: 0
  m_Size: {x: 1, y: 1}
  m_AdaptiveModeThreshold: 0.5
  m_SpriteTileMode: 0
  m_WasSpriteAssigned: 1
  m_MaskInteraction: 0
  m_SpriteSortPoint: 0
--- !u!1 &4539994760445383372
GameObject:
  m_ObjectHideFlags: 0
  m_CorrespondingSourceObject: {fileID: 0}
  m_PrefabInstance: {fileID: 0}
  m_PrefabAsset: {fileID: 0}
  serializedVersion: 6
  m_Component:
  - component: {fileID: 4539994760445383369}
  - component: {fileID: 4539994760445383375}
  m_Layer: 0
  m_Name: Archer
  m_TagString: Untagged
  m_Icon: {fileID: 0}
  m_NavMeshLayer: 0
  m_StaticEditorFlags: 0
  m_IsActive: 1
--- !u!4 &4539994760445383369
Transform:
  m_ObjectHideFlags: 0
  m_CorrespondingSourceObject: {fileID: 0}
  m_PrefabInstance: {fileID: 0}
  m_PrefabAsset: {fileID: 0}
  m_GameObject: {fileID: 4539994760445383372}
  m_LocalRotation: {x: 0, y: 0, z: 0, w: 1}
  m_LocalPosition: {x: 1, y: -1, z: 0}
  m_LocalScale: {x: 1, y: 1, z: 1}
  m_Children:
  - {fileID: 5185557751458073222}
  - {fileID: 2044428005}
  - {fileID: 7404819424035773888}
  m_Father: {fileID: 0}
  m_RootOrder: 0
  m_LocalEulerAnglesHint: {x: 0, y: 0, z: 0}
--- !u!114 &4539994760445383375
MonoBehaviour:
  m_ObjectHideFlags: 0
  m_CorrespondingSourceObject: {fileID: 0}
  m_PrefabInstance: {fileID: 0}
  m_PrefabAsset: {fileID: 0}
  m_GameObject: {fileID: 4539994760445383372}
  m_Enabled: 1
  m_EditorHideFlags: 0
  m_Script: {fileID: 11500000, guid: 9f233d348504cd04798fca13e0337cba, type: 3}
  m_Name: 
  m_EditorClassIdentifier: 
  blocking: 1
  castable: 1
  crushable: 1
  archerTarget: 0
  coverEvent: 0
  lastVerb: 4
  verbIcon: {fileID: 4478483690764292586}
  verbSpriteIcons:
  - {fileID: -7400179557848490087, guid: 1f1c37d7698029a4688f3bd6e1371ad1, type: 3}
  - {fileID: -7377819553374844296, guid: 72e8f421f832a7344bf9dd52d5e03e68, type: 3}
  - {fileID: -1428572451713796752, guid: 72e8f421f832a7344bf9dd52d5e03e68, type: 3}
  verbSpriteIcons:
  - {fileID: -7400179557848490087, guid: 1f1c37d7698029a4688f3bd6e1371ad1, type: 3}
  - {fileID: -7377819553374844296, guid: 72e8f421f832a7344bf9dd52d5e03e68, type: 3}
  - {fileID: -1428572451713796752, guid: 72e8f421f832a7344bf9dd52d5e03e68, type: 3}
  spriteRenderer: {fileID: 7992292734503183756}
  markedDead: 0
  heavyAndCrackTiles: 1
  fromBelowMove: {x: 0, y: 0}
  teleportSpawnSickness: 0
  exclamationMark: {fileID: 2044428004}
  arrowPrefab: {fileID: 1127709145988440466, guid: 302afc04a2f414444aad2b9c505f2d67, type: 3}
  graphic: {fileID: 7404819424035773888}
--- !u!1001 &4539994760331833777
PrefabInstance:
  m_ObjectHideFlags: 0
  serializedVersion: 2
  m_Modification:
    m_TransformParent: {fileID: 4539994760445383369}
    m_Modifications:
    - target: {fileID: 1972457705042832112, guid: e6a0fba333c8ba848820d388de8b70b4, type: 3}
      propertyPath: m_Name
      value: VerbIcon
      objectReference: {fileID: 0}
    - target: {fileID: 8716576765454596919, guid: e6a0fba333c8ba848820d388de8b70b4, type: 3}
      propertyPath: m_LocalPosition.x
      value: 0.2
      objectReference: {fileID: 0}
    - target: {fileID: 8716576765454596919, guid: e6a0fba333c8ba848820d388de8b70b4, type: 3}
      propertyPath: m_LocalPosition.y
      value: 0.2
      objectReference: {fileID: 0}
    - target: {fileID: 8716576765454596919, guid: e6a0fba333c8ba848820d388de8b70b4, type: 3}
      propertyPath: m_LocalPosition.z
      value: 0
      objectReference: {fileID: 0}
    - target: {fileID: 8716576765454596919, guid: e6a0fba333c8ba848820d388de8b70b4, type: 3}
      propertyPath: m_LocalRotation.x
      value: 0
      objectReference: {fileID: 0}
    - target: {fileID: 8716576765454596919, guid: e6a0fba333c8ba848820d388de8b70b4, type: 3}
      propertyPath: m_LocalRotation.y
      value: 0
      objectReference: {fileID: 0}
    - target: {fileID: 8716576765454596919, guid: e6a0fba333c8ba848820d388de8b70b4, type: 3}
      propertyPath: m_LocalRotation.z
      value: 0
      objectReference: {fileID: 0}
    - target: {fileID: 8716576765454596919, guid: e6a0fba333c8ba848820d388de8b70b4, type: 3}
      propertyPath: m_LocalRotation.w
      value: 1
      objectReference: {fileID: 0}
    - target: {fileID: 8716576765454596919, guid: e6a0fba333c8ba848820d388de8b70b4, type: 3}
      propertyPath: m_RootOrder
      value: 0
      objectReference: {fileID: 0}
    - target: {fileID: 8716576765454596919, guid: e6a0fba333c8ba848820d388de8b70b4, type: 3}
      propertyPath: m_LocalEulerAnglesHint.x
      value: 0
      objectReference: {fileID: 0}
    - target: {fileID: 8716576765454596919, guid: e6a0fba333c8ba848820d388de8b70b4, type: 3}
      propertyPath: m_LocalEulerAnglesHint.y
      value: 0
      objectReference: {fileID: 0}
    - target: {fileID: 8716576765454596919, guid: e6a0fba333c8ba848820d388de8b70b4, type: 3}
      propertyPath: m_LocalEulerAnglesHint.z
      value: 0
      objectReference: {fileID: 0}
    m_RemovedComponents: []
  m_SourcePrefab: {fileID: 100100000, guid: e6a0fba333c8ba848820d388de8b70b4, type: 3}
--- !u!4 &5185557751458073222 stripped
Transform:
  m_CorrespondingSourceObject: {fileID: 8716576765454596919, guid: e6a0fba333c8ba848820d388de8b70b4, type: 3}
  m_PrefabInstance: {fileID: 4539994760331833777}
  m_PrefabAsset: {fileID: 0}
--- !u!212 &4478483690764292586 stripped
SpriteRenderer:
  m_CorrespondingSourceObject: {fileID: 83184782369120347, guid: e6a0fba333c8ba848820d388de8b70b4, type: 3}
  m_PrefabInstance: {fileID: 4539994760331833777}
  m_PrefabAsset: {fileID: 0}
