%YAML 1.1
%TAG !u! tag:unity3d.com,2011:
--- !u!1 &4655682063856239659
GameObject:
  m_ObjectHideFlags: 0
  m_CorrespondingSourceObject: {fileID: 0}
  m_PrefabInstance: {fileID: 0}
  m_PrefabAsset: {fileID: 0}
  serializedVersion: 6
  m_Component:
  - component: {fileID: 762544745760675850}
  - component: {fileID: 6496508689563583753}
  - component: {fileID: 1389773325171448466}
  m_Layer: 0
  m_Name: Teleporter
  m_TagString: Untagged
  m_Icon: {fileID: 0}
  m_NavMeshLayer: 0
  m_StaticEditorFlags: 0
  m_IsActive: 1
--- !u!4 &762544745760675850
Transform:
  m_ObjectHideFlags: 0
  m_CorrespondingSourceObject: {fileID: 0}
  m_PrefabInstance: {fileID: 0}
  m_PrefabAsset: {fileID: 0}
  m_GameObject: {fileID: 4655682063856239659}
  m_LocalRotation: {x: 0, y: 0, z: 0, w: 1}
  m_LocalPosition: {x: 0, y: 0, z: 0}
  m_LocalScale: {x: 1, y: 1, z: 1}
  m_Children:
  - {fileID: 2400311986497198283}
  m_Father: {fileID: 0}
  m_RootOrder: 0
  m_LocalEulerAnglesHint: {x: 0, y: 0, z: 0}
--- !u!212 &6496508689563583753
SpriteRenderer:
  m_ObjectHideFlags: 0
  m_CorrespondingSourceObject: {fileID: 0}
  m_PrefabInstance: {fileID: 0}
  m_PrefabAsset: {fileID: 0}
  m_GameObject: {fileID: 4655682063856239659}
  m_Enabled: 1
  m_CastShadows: 0
  m_ReceiveShadows: 0
  m_DynamicOccludee: 1
  m_MotionVectors: 1
  m_LightProbeUsage: 1
  m_ReflectionProbeUsage: 1
  m_RayTracingMode: 0
  m_RayTraceProcedural: 0
  m_RenderingLayerMask: 1
  m_RendererPriority: 0
  m_Materials:
  - {fileID: 10754, guid: 0000000000000000f000000000000000, type: 0}
  m_StaticBatchInfo:
    firstSubMesh: 0
    subMeshCount: 0
  m_StaticBatchRoot: {fileID: 0}
  m_ProbeAnchor: {fileID: 0}
  m_LightProbeVolumeOverride: {fileID: 0}
  m_ScaleInLightmap: 1
  m_ReceiveGI: 1
  m_PreserveUVs: 0
  m_IgnoreNormalsForChartDetection: 0
  m_ImportantGI: 0
  m_StitchLightmapSeams: 1
  m_SelectedEditorRenderState: 0
  m_MinimumChartSize: 4
  m_AutoUVMaxDistance: 0.5
  m_AutoUVMaxAngle: 89
  m_LightmapParameters: {fileID: 0}
  m_SortingLayerID: -1321861725
  m_SortingLayer: 1
  m_SortingOrder: 0
  m_Sprite: {fileID: 4351918349796644042, guid: 72e8f421f832a7344bf9dd52d5e03e68, type: 3}
  m_Color: {r: 0.6643551, g: 1, b: 0.5613208, a: 1}
  m_FlipX: 0
  m_FlipY: 0
  m_DrawMode: 0
  m_Size: {x: 1, y: 1}
  m_AdaptiveModeThreshold: 0.5
  m_SpriteTileMode: 0
  m_WasSpriteAssigned: 1
  m_MaskInteraction: 0
  m_SpriteSortPoint: 0
--- !u!114 &1389773325171448466
MonoBehaviour:
  m_ObjectHideFlags: 0
  m_CorrespondingSourceObject: {fileID: 0}
  m_PrefabInstance: {fileID: 0}
  m_PrefabAsset: {fileID: 0}
  m_GameObject: {fileID: 4655682063856239659}
  m_Enabled: 1
  m_EditorHideFlags: 0
  m_Script: {fileID: 11500000, guid: 0c4c99bcef4e82b4e9c9bd2375dd7704, type: 3}
  m_Name: 
  m_EditorClassIdentifier: 
  blocking: 0
  castable: 1
  crushable: 0
  archerTarget: 0
  coverEvent: 1
  lastVerb: 4
  verbIcon: {fileID: 6385989322730587047}
  verbSpriteIcons:
  - {fileID: 4881930975423679016, guid: 1f1c37d7698029a4688f3bd6e1371ad1, type: 3}
  - {fileID: -4737869033082480480, guid: 1f1c37d7698029a4688f3bd6e1371ad1, type: 3}
  - {fileID: 516059537767339228, guid: 1f1c37d7698029a4688f3bd6e1371ad1, type: 3}
  - {fileID: 8215348139861195895, guid: 1f1c37d7698029a4688f3bd6e1371ad1, type: 3}
  - {fileID: -7400179557848490087, guid: 1f1c37d7698029a4688f3bd6e1371ad1, type: 3}
  verbSpriteIcons:
  - {fileID: 4881930975423679016, guid: 1f1c37d7698029a4688f3bd6e1371ad1, type: 3}
  - {fileID: -4737869033082480480, guid: 1f1c37d7698029a4688f3bd6e1371ad1, type: 3}
  - {fileID: 516059537767339228, guid: 1f1c37d7698029a4688f3bd6e1371ad1, type: 3}
  - {fileID: 8215348139861195895, guid: 1f1c37d7698029a4688f3bd6e1371ad1, type: 3}
  - {fileID: -7400179557848490087, guid: 1f1c37d7698029a4688f3bd6e1371ad1, type: 3}
  spriteRenderer: {fileID: 6496508689563583753}
  markedDead: 0
  connectedTeleporter: {fileID: 0}
  lastTeleportDirection: {x: 0, y: 0}
  teleportObjectCopy: {fileID: 0}
--- !u!1001 &6464951805403931644
PrefabInstance:
  m_ObjectHideFlags: 0
  serializedVersion: 2
  m_Modification:
    m_TransformParent: {fileID: 762544745760675850}
    m_Modifications:
    - target: {fileID: 1972457705042832112, guid: e6a0fba333c8ba848820d388de8b70b4, type: 3}
      propertyPath: m_Name
      value: VerbIcon
      objectReference: {fileID: 0}
    - target: {fileID: 8716576765454596919, guid: e6a0fba333c8ba848820d388de8b70b4, type: 3}
      propertyPath: m_LocalPosition.x
      value: 0.2
      objectReference: {fileID: 0}
    - target: {fileID: 8716576765454596919, guid: e6a0fba333c8ba848820d388de8b70b4, type: 3}
      propertyPath: m_LocalPosition.y
      value: 0.2
      objectReference: {fileID: 0}
    - target: {fileID: 8716576765454596919, guid: e6a0fba333c8ba848820d388de8b70b4, type: 3}
      propertyPath: m_LocalPosition.z
      value: 0
      objectReference: {fileID: 0}
    - target: {fileID: 8716576765454596919, guid: e6a0fba333c8ba848820d388de8b70b4, type: 3}
      propertyPath: m_LocalRotation.x
      value: 0
      objectReference: {fileID: 0}
    - target: {fileID: 8716576765454596919, guid: e6a0fba333c8ba848820d388de8b70b4, type: 3}
      propertyPath: m_LocalRotation.y
      value: 0
      objectReference: {fileID: 0}
    - target: {fileID: 8716576765454596919, guid: e6a0fba333c8ba848820d388de8b70b4, type: 3}
      propertyPath: m_LocalRotation.z
      value: 0
      objectReference: {fileID: 0}
    - target: {fileID: 8716576765454596919, guid: e6a0fba333c8ba848820d388de8b70b4, type: 3}
      propertyPath: m_LocalRotation.w
      value: 1
      objectReference: {fileID: 0}
    - target: {fileID: 8716576765454596919, guid: e6a0fba333c8ba848820d388de8b70b4, type: 3}
      propertyPath: m_RootOrder
      value: 0
      objectReference: {fileID: 0}
    - target: {fileID: 8716576765454596919, guid: e6a0fba333c8ba848820d388de8b70b4, type: 3}
      propertyPath: m_LocalEulerAnglesHint.x
      value: 0
      objectReference: {fileID: 0}
    - target: {fileID: 8716576765454596919, guid: e6a0fba333c8ba848820d388de8b70b4, type: 3}
      propertyPath: m_LocalEulerAnglesHint.y
      value: 0
      objectReference: {fileID: 0}
    - target: {fileID: 8716576765454596919, guid: e6a0fba333c8ba848820d388de8b70b4, type: 3}
      propertyPath: m_LocalEulerAnglesHint.z
      value: 0
      objectReference: {fileID: 0}
    m_RemovedComponents: []
  m_SourcePrefab: {fileID: 100100000, guid: e6a0fba333c8ba848820d388de8b70b4, type: 3}
--- !u!4 &2400311986497198283 stripped
Transform:
  m_CorrespondingSourceObject: {fileID: 8716576765454596919, guid: e6a0fba333c8ba848820d388de8b70b4, type: 3}
  m_PrefabInstance: {fileID: 6464951805403931644}
  m_PrefabAsset: {fileID: 0}
--- !u!212 &6385989322730587047 stripped
SpriteRenderer:
  m_CorrespondingSourceObject: {fileID: 83184782369120347, guid: e6a0fba333c8ba848820d388de8b70b4, type: 3}
  m_PrefabInstance: {fileID: 6464951805403931644}
  m_PrefabAsset: {fileID: 0}
